@article{transeth2008snake,
    title={Snake robot obstacle-aided locomotion: Modeling, simulations, and experiments},
    author={Transeth, Aksel Andreas and Leine, Remco I and Glocker, Christoph and Pettersen, Kristin Ytterstad and Liljeb{\"a}ck, P{\aa}l},
    journal={IEEE Transactions on Robotics},
    volume={24},
    number={1},
    pages={88--104},
    year={2008},
    publisher={IEEE}
}

@inproceedings{west1985method,
    title={A method for the design of hybrid position/force controllers for manipulators constrained by contact with the environment},
    author={West, Harry and Asada, Haruhiko},
    booktitle={Proceedings. 1985 IEEE International Conference on Robotics and Automation},
    volume={2},
    pages={251--259},
    year={1985},
    organization={IEEE}
}

@unpublished{StavdahlNote,
    author={Stavdahl, Ã˜yvind},
    title={Working note: Hybrid Position/Force Control for Perception Driven Obstacle Aided Locomotion (HOAL) in Snake Robots},
    year={2019},
    note = {Unpublished}
}

@unpublished{TorjusOppg,
    author={Klafstad, Torjus},
    title={Hybrid Position/Force Control for Obstacle Aided Locomotion in Snake Robots},
    year={2019},
    note = {Unpublished}
}

@unpublished{AtussaProsjektoppgp,
    author={Koushan, Atussa},
    title={Simulator for Obstacle Aided Locomotion in Snake Robots},
    year={2019},
    note = {Unpublished}
}

@unpublished{GuillaumeSnakeSIM,
    author={Guillaume, Adam},
    title={User and Simulation Interface for Snake Robot's Perception-Driven Obstacle-Aided Locomotion},
    year={2016},
    note = {Unpublished}
}

@article{yoshikawa1987dynamic,
    title={Dynamic hybrid position/force control of robot manipulators -- description of hand constraints and calculation of joint driving force},
    author={Yoshikawa, Tsuneo},
    journal={IEEE Journal on Robotics and Automation},
    volume={3},
    number={5},
    pages={386--392},
    year={1987},
    publisher={IEEE}
}

@article{raibert1981hybrid,
    title={Hybrid position/force control of manipulators},
    author={Raibert, Marc H and Craig, John J and others},
    journal={Journal of Dynamic Systems, Measurement, and Control},
    volume={103},
    number={2},
    pages={126--133},
    year={1981}
}

@article{liljeback2010hybrid,
    title={Hybrid modelling and control of obstacle-aided snake robot locomotion},
    author={Liljeback, P{\aa}l and Pettersen, Kristin Y and Stavdahl, {\O}yvind and Gravdahl, Jan Tommy},
    journal={IEEE Transactions on Robotics},
    volume={26},
    number={5},
    pages={781--799},
    year={2010},
    publisher={IEEE}
}

@incollection{waldron2016kinematics,
  title={Kinematics},
  author={Waldron, Kenneth J and Schmiedeler, James},
  booktitle={Springer Handbook of Robotics},
  pages={11--36},
  year={2016},
  publisher={Springer}
}

@book{murray2017mathematical,
  title={A mathematical introduction to robotic manipulation},
  author={Murray, Richard M},
  pages={155--189},
  year={2017},
  publisher={CRC press}
}

@book{lynch2017modern,
  title={Modern Robotics},
  author={Lynch, Kevin M and Park, Frank C},
  pages={272--286},
  year={2017},
  publisher={Cambridge University Press}
}

@article{rezapour2014path,
  title={Path following control of planar snake robots using virtual holonomic constraints: theory and experiments},
  author={Rezapour, Ehsan and Pettersen, Kristin Y and Liljeb{\"a}ck, P{\aa}l and Gravdahl, Jan T and Kelasidi, Eleni},
  journal={Robotics and biomimetics},
  volume={1},
  number={1},
  pages={3},
  year={2014},
  publisher={SpringerOpen}
}

@inproceedings{holden2014optimal,
  title={Optimal dynamic force mapping for obstacle-aided locomotion in 2D snake robots},
  author={Holden, Christian and Stavdahl, {\O}yvind and Gravdahl, Jan Tommy},
  booktitle={2014 IEEE/RSJ International Conference on Intelligent Robots and Systems},
  pages={321--328},
  year={2014},
  organization={IEEE}
}

@inproceedings{holden2013optimal,
  title={Optimal static propulsive force for obstacle-aided locomotion in snake robots},
  author={Holden, Christian and Stavdahl, {\O}yvind},
  booktitle={2013 IEEE International Conference on Robotics and Biomimetics (ROBIO)},
  pages={1125--1130},
  year={2013},
  organization={IEEE}
}

@article{yoshikawa1987dynamic,
  title={Dynamic hybrid position/force control of robot\\
  manipulators - description of hand constraints and calculation of joint driving force},
  author={Yoshikawa, Tsuneo},
  journal={IEEE Journal on Robotics and Automation},
  volume={3},
  number={5},
  pages={386--392},
  year={1987},
  publisher={IEEE}
}

@book{lynch2017modernCompTorque,
  title={Modern Robotics},
  author={Lynch, Kevin M and Park, Frank C},
  pages={421--429},
  year={2017},
  publisher={Cambridge University Press}
}

@article{conkur2008path,
  title={Path planning algorithm for snake-like robots},
  author={Conkur, Erdinc Sahin and Gurbuz, Riza},
  journal={Information Technology And Control},
  volume={37},
  number={2},
  year={2008}
}

@book{liljeback2012snake,
  title={Snake robots: modelling, mechatronics, and control},
  author={Liljeb{\"a}ck, P{\aa}l and Pettersen, Kristin Ytterstad and Stavdahl, {\O}yvind and Gravdahl, Jan Tommy},
  year={2012},
  publisher={Springer Science \& Business Media}
}

@article{bayraktaroglu2004understanding,
  title={Understanding snakelike locomotion through a novel push-point approach},
  author={Bayraktaroglu, Zeki Y and Blazevic, Pierre},
  year={2004}
}

@Manual{matlabsymbolic,
    title = {Symbolic Math Toolbox},
    author = {{The MathWorks Inc.}},
    address = {Natick, Massachusetts, United State},
    year = {2019},
    url = {https://www.mathworks.com/help/symbolic/},
  }
  
@article{chiaverini2008kinematically,
  title={Kinematically redundant manipulators},
  author={Chiaverini, Stefano and Oriolo, Giuseppe and Walker, Ian D},
  journal={Springer handbook of robotics},
  pages={245--268},
  year={2008},
  publisher={Springer}
}


@article{liljeback2012review,
  title={A review on modelling, implementation, and control of snake robots},
  author={Liljeb{\"a}ck, P{\aa}l and Pettersen, Kristin Ytterstad and Stavdahl, {\O}yvind and Gravdahl, Jan Tommy},
  journal={Robotics and Autonomous Systems},
  volume={60},
  number={1},
  pages={29--40},
  year={2012},
  publisher={Elsevier}
}

@article{sanfilippo2017perception,
  title={Perception-driven obstacle-aided locomotion for snake robots: the state of the art, challenges and possibilities},
  author={Sanfilippo, Filippo and Azpiazu, Jon and Marafioti, Giancarlo and Transeth, Aksel A and Stavdahl, {\O}yvind and Liljeb{\"a}ck, P{\aa}l},
  journal={Applied Sciences},
  volume={7},
  number={4},
  pages={336},
  year={2017},
  publisher={Multidisciplinary Digital Publishing Institute}
}

@inproceedings{transeth2006developments,
  title={Developments in snake robot modeling and locomotion},
  author={Transeth, Aksel Andreas and Pettersen, Kristin Ytterstad},
  booktitle={2006 9th International Conference on Control, Automation, Robotics and Vision},
  pages={1--8},
  year={2006},
  organization={IEEE}
}

@article{ijspeert2008central,
  title={Central pattern generators for locomotion control in animals and robots: a review},
  author={Ijspeert, Auke Jan},
  journal={Neural networks},
  volume={21},
  number={4},
  pages={642--653},
  year={2008},
  publisher={Elsevier}
}

@inproceedings{liljeback2014compliant,
  title={Compliant control of the body shape of snake robots},
  author={Liljeb{\"a}ck, P{\aa}l and Pettersen, Kristin Y and Stavdahl, {\O}yvind and Gravdahl, Jan Tommy},
  booktitle={2014 IEEE International Conference on Robotics and Automation (ICRA)},
  pages={4548--4555},
  year={2014},
  organization={IEEE}
}

@inproceedings{rollinson2013gait,
  title={Gait-based compliant control for snake robots},
  author={Rollinson, David and Choset, Howie},
  booktitle={2013 IEEE International Conference on Robotics and Automation},
  pages={5138--5143},
  year={2013},
  organization={IEEE}
}

@article{calanca2015review,
  title={A review of algorithms for compliant control of stiff and fixed-compliance robots},
  author={Calanca, Andrea and Muradore, Riccardo and Fiorini, Paolo},
  journal={IEEE/ASME Transactions on Mechatronics},
  volume={21},
  number={2},
  pages={613--624},
  year={2015},
  publisher={IEEE}
}

@inproceedings{sanfilippo2017snakesim,
  title={SnakeSIM: A ROS-based rapid-prototyping framework for perception-driven obstacle-aided locomotion of snake robots},
  author={Sanfilippo, Filippo and Stavdahl, {\O}yvind and Liljeb{\"a}ck, P{\aa}l},
  booktitle={2017 IEEE International Conference on Robotics and Biomimetics (ROBIO)},
  pages={1226--1231},
  year={2017},
  organization={IEEE}
}

@article{sanfilippo2018snakesim,
  title={SnakeSIM: a ROS-based control and simulation framework for perception-driven obstacle-aided locomotion of snake robots},
  author={Sanfilippo, Filippo and Stavdahl, {\O}yvind and Liljeb{\"a}ck, P{\aa}l},
  journal={Artificial Life and Robotics},
  volume={23},
  number={4},
  pages={449--458},
  year={2018},
  publisher={Springer}
}

@inproceedings{liljeback2014mamba,
  title={Mamba-A waterproof snake robot with tactile sensing},
  author={Liljeb{\"a}ck, P{\aa}l and Stavdahl, {\O}yvind and Pettersen, Kristin Y and Gravdahl, Jan Tommy},
  booktitle={2014 IEEE/RSJ International Conference on Intelligent Robots and Systems},
  pages={294--301},
  year={2014},
  organization={IEEE}
}

@inproceedings{quigley2009ros,
  title={ROS: an open-source Robot Operating System},
  author={Quigley, Morgan and Conley, Ken and Gerkey, Brian and Faust, Josh and Foote, Tully and Leibs, Jeremy and Wheeler, Rob and Ng, Andrew Y},
  booktitle={ICRA workshop on open source software},
  volume={3},
  number={3.2},
  pages={5},
  year={2009},
  organization={Kobe, Japan}
}

@inproceedings{koenig2004design,
  title={Design and use paradigms for Gazebo, an open-source multi-robot simulator},
  author={Koenig, Nathan and Howard, Andrew},
  booktitle={2004 IEEE/RSJ International Conference on Intelligent Robots and Systems (IROS)(IEEE Cat. No. 04CH37566)},
  volume={3},
  pages={2149--2154},
  year={2004},
  organization={IEEE}
}

@inproceedings{transeth2013snake,
  title={Snake robot obstacle-aided locomotion on inclined and vertical planes: Modeling, control strategies and simulation},
  author={Transeth, Aksel A and Fjerdingen, Sigurd A and Liljeb{\"a}ck, P{\aa}l},
  booktitle={2013 IEEE International Conference on Mechatronics (ICM)},
  pages={321--328},
  year={2013},
  organization={IEEE}
}

@online{urdfWeb,
  author = {{Open Source Robotics Foundation}},
  title = {Tutorial: Using a URDF in Gazebo},
  year = 2014,
  url = {http://gazebosim.org/tutorials/?tut=ros_urdf},
  urldate = {2020-04-18}
}

@article{wang2020directional,
  title={Directional Compliance in Obstacle-Aided Navigation for Snake Robots},
  author={Wang, Tianyu and Whitman, Julian and Travers, Matthew and Choset, Howie},
  journal={arXiv preprint arXiv:2003.01774},
  year={2020}
}

@article{arai1991position,
  title={Position control of manipulator with passive joints using dynamic coupling},
  author={Arai, Hirohiko and Tachi, Susumu and others},
  journal={IEEE transactions on Robotics and Automation},
  volume={7},
  number={4},
  pages={528--534},
  year={1991}
}

@inproceedings{transeth2007tracking,
  title={Tracking control for snake robot joints},
  author={Transeth, Aksel A and van de Wouw, Nathan and Pavlov, Alexey and Hespanha, Joao P and Pettersen, Kristin Y},
  booktitle={2007 IEEE/RSJ International Conference on Intelligent Robots and Systems},
  pages={3539--3546},
  year={2007},
  organization={IEEE}
}

@article{bajo2016hybrid,
  title={Hybrid motion/force control of multi-backbone continuum robots},
  author={Bajo, Andrea and Simaan, Nabil},
  journal={The International journal of robotics research},
  volume={35},
  number={4},
  pages={422--434},
  year={2016},
  publisher={SAGE Publications Sage UK: London, England}
}

@inproceedings{robinson1999continuum,
  title={Continuum robots-a state of the art},
  author={Robinson, Graham and Davies, J Bruce C},
  booktitle={Proceedings 1999 IEEE international conference on robotics and automation (Cat. No. 99CH36288C)},
  volume={4},
  pages={2849--2854},
  year={1999},
  organization={IEEE}
}

@article{moore1920reciprocal,
  title={On the reciprocal of the general algebraic matrix},
  author={Moore, Eliakim H},
  journal={Bull. Am. Math. Soc.},
  volume={26},
  pages={394--395},
  year={1920}
}

@inproceedings{penrose1955generalized,
  title={A generalized inverse for matrices},
  author={Penrose, Roger},
  booktitle={Mathematical proceedings of the Cambridge philosophical society},
  volume={51},
  number={3},
  pages={406--413},
  year={1955},
  organization={Cambridge University Press}
}

@inproceedings{nansai2016dynamic,
  title={Dynamic Hybrid Position Force Control using Virtual Internal Model to realize a cutting task by a snake-like robot},
  author={Nansai, Shunsuke and Elara, Mohan Rajesh and Iwase, Masami},
  booktitle={2016 6th IEEE International Conference on Biomedical Robotics and Biomechatronics (BioRob)},
  pages={151--156},
  year={2016},
  organization={IEEE}
}